@article{vargas2005assessing,
  title={Assessing the stability and maturity of compost at large-scale plants},
  author={Vargas, DD Caba{\~n}as and Monedero, MA S{\'a}nchez and Urpilainen, ST and Kamilaki, A and Stentiford, EI},
  journal={Ingenier{\'\i}a},
  volume={9},
  number={2},
  pages={25--30},
  year={2005},
  publisher={Universidad Aut{\'o}noma de Yucat{\'a}n}
}

