@incollection{StandardMethods2012,
  title={Standard Methods for examination of water and wastewater},
  year={2012},
  publisher={American Public Health Association, American Water Works Association, Water Environment Federation},
  editor={E.W. Rice, R.B. Baird, A.D. Eaton, L.S. Clesceri},
}

@article{guven2011comparison,
  title={Comparison of acid digestion techniques to determine heavy metals in sediment and soil samples},
  author={G{\"U}VEN, Duyu{\c{s}}en and Akinci, G{\"o}rkem},
  journal={Gazi University Journal of Science},
  volume={24},
  number={1},
  pages={29--34},
  year={2011}
}

@article{pena2011comparative,
  title={Comparative study of digestion methods EPA 3050B (HNO 3--H 2 O 2--HCl) and ISO 11466.3 (aqua regia) for Cu, Ni and Pb contamination assessment in marine sediments},
  author={Pe{\~n}a-Icart, Mirella and Tagle, Margarita E Villanueva and Alonso-Hern{\'a}ndez, Carlos and Hern{\'a}ndez, Joelis Rodr{\'\i}guez and Behar, Moni and Alfonso, Mario S Pomares},
  journal={Marine environmental research},
  volume={72},
  number={1},
  pages={60--66},
  year={2011},
  publisher={Elsevier}
}