%% LaTeX2e file `bibliography.bib'
%% generated by the `filecontents' environment
%% from source `test2' on 2024/01/28.
%%
@article{majumder2017,
  title={Higher Rates Of Hate Crimes Are Tied To Income Inequality},
  author={Majumder, Maimuna},
  journal={FiveThirtyEight. Last modified January},
  volume={23},
  year={2017}
}
