@book{brockwelldavis,
  author = {Brockwell, Peter J. and Davis, Richard A.},
  year = 2016,
  title = "Introduction to Time Series and Forecasting",
  editor = "",
  publisher = "Springer International Publishing",
  address = "Switzerland"
}